
@ARTICLE{Carter1989,
  author = {Carter, E, A. and Ciccotti, G. and Hynes, J. T. and Kapral, R.},
  title = {Constrained reaction coordinate dynamics for the simulation of rare
	events},
  journal = {Chem. Phys. Lett.},
  year = {1989},
  volume = {156},
  pages = {472-477}
}

@ARTICLE{Ciccotti2005,
  author = {Giovanni Ciccotti and Raymond Kapral and Eric Vanden-Eijnden},
  title = {Blue moon sampling, vectorial reaction coordinates, and unbiased
	constrained dynamics},
  journal = {ChemPhysChem},
  year = {2005},
  volume = {6},
  pages = {1809--1814},
  number = {9}
}

@ARTICLE{Darve2008,
  author = {Eric Darve and David Rodr{\'i}guez-G{\'o}mez and Andrew Pohorille},
  title = {Adaptive biasing force method for scalar and vector free energy calculations},
  journal = {J. Chem. Phys.},
  year = {2008},
  volume = {128},
  pages = {144120},
  number = {14}
}

@ARTICLE{denOtter2000,
  author = {den Otter, W. K.},
  title = {Thermodynamic integration of the free energy along a reaction coordinate
	in Cartesian coordinates},
  journal = {J. Chem. Phys.},
  year = {2000},
  volume = {112},
  pages = {7283-7292}
}

@ARTICLE{Henin2004,
  author = {H\'enin, J. and Chipot, C.},
  title = {Overcoming free energy barriers using unconstrained molecular dynamics
	simulations},
  journal = {J. Chem. Phys.},
  year = {2004},
  volume = {121},
  pages = {2904--2914}
}


@Article{Huber1994,
  Author         = {Huber, T. and Torda, A. E. and van~Gunsteren, W.F.},
  Title          = {Local elevation - {A} method for improving the searching properties of molecular-dynamics simulation},
  Journal        = {Journal of Computer-Aided Molecular Design},
  Volume         = {8},
  Number         = {6},
  Pages          = {695--708},
  month          = {DEC},
  sourceid       = {ISI:A1994QA06400005},
  year           = 1994
}

@Article{Grubmuller1995,
  title = {Predicting slow structural transitions in macromolecular systems: Conformational flooding},
  author = {Grubm\"uller, Helmut },
  journal = {Phys. Rev. E},
  volume = {52},
  number = {3},
  pages = {2893--2906},
  numpages = {13},
  year = {1995},
  month = {Sep},
  doi = {10.1103/PhysRevE.52.2893},
  publisher = {American Physical Society}
}

@Article{Voter1997,
  title = {Hyperdynamics: Accelerated Molecular Dynamics of Infrequent Events},
  author = {Voter, Arthur F.},
  journal = {Phys. Rev. Lett.},
  volume = {78},
  number = {20},
  pages = {3908--3911},
  numpages = {3},
  year = {1997},
  month = {May},
  doi = {10.1103/PhysRevLett.78.3908},
  publisher = {American Physical Society}
}

@Article{Darve2001,
  Author         = {Darve, E. and Pohorille, A.},
  Title          = {{Calculating} free energies using average force},
  Journal        = {J. Chem. Phys,},
  Volume         = {115},
  Number         = {20},
  Pages          = {9169--9183},
  month          = {NOV 22},
  sourceid       = {ISI:000172129300010},
  year           = 2001
}

@Article{Hummer2003,
  Author         = {Hummer, G. and Kevrekidis, I.G.},
  Title          = {Coarse molecular dynamics of a peptide fragment:
                   {Free} energy, kinetics, and long-time dynamics
                   computations},
  Journal        = {Journal of Chemical Physics},
  Volume         = {118},
  Number         = {23},
  Pages          = {10762 -- 10773},
  month          = {JUN 15},
  sourceid       = {ISI:000183124300045},
  year           = 2003
}

@Article{Laio2002,
  Author         = {Laio, A. and Parrinello, M.},
  Title          = {Escaping free-energy minima.},
  Journal        = {Proc. Natl. Acad. Sci. USA},
  Year           = {2002},
  Volume         = {99},
  Number         = {20},
  Pages          = {12562-12566}
}

@ARTICLE{Iannuzzi2003,
  author = {Iannuzzi, M. and Laio, A. and Parrinello, M.},
  title = {Efficient exploration of reactive potential energy surfaces using
	Car-Parrinello molecular dynamics},
  journal = {Phys. Rev. Lett.},
  year = {2003},
  volume = {90},
  pages = {238302},
  number = {23}
}

@Article{Coutsias2004,
  Author         = "Coutsias, E A and Seok, C and Dill, K A",
  Title          = {Using quaternions to calculate {RMSD}},
  Journal        = "J. Comput. Chem.",
  Year           = {2004},
  Volume         = "25",
  Number         = "15",
  Pages          = "1849--1857"
}

@Article{Raiteri2005,
  Author         = {Raiteri, P. and Laio, A. and Gervasio, F. L. and
                   Micheletti, C. and Parrinello, M.},
  Title          = {Efficient reconstruction of complex free energy
                   landscapes by multiple walkers metadynamics.},
  Journal        = {J. Phys. Chem. B},
  Year           = {2005},
  Volume         = {110},
  Number         = {8},
  Pages          = {3533-9}
}

@Article{Bussi2006,
  Author         = {Bussi, G. and Laio, A. and Parrinello, M.},
  Title          = {Equilibrium free energies from nonequilibrium
                   metadynamics.},
  Journal        = {Phys. Rev. Lett.},
  Year           = {2006},
  Volume         = {96},
  Number         = {9},
  Pages          = {090601}
}

@ARTICLE{Ruiz-Montero1997,
  author = {Ruiz-Montero, M. J. and Frenkel, D. and Brey, J. J.},
  title = {Efficient schemes to compute diffusive barrier crossing rates},
  journal = {Mol. Phys. },
  year = {1997},
  volume = {90},
  pages = {925-941}
}

@article{Shirts2007,
  author = {Shirts, Michael R. and Mobley, David L. and Chodera, John D. and Pande, Vijay S.},
  title = {Accurate and Efficient Corrections for Missing Dispersion Interactions in Molecular Simulations},
  journal = {The Journal of Physical Chemistry B},
  volume = {111},
  number = {45},
  pages = {13052-13063},
  year = {2007},
  doi = {10.1021/jp0735987},
  URL = {http://pubs.acs.org/doi/abs/10.1021/jp0735987},
  eprint = {http://pubs.acs.org/doi/pdf/10.1021/jp0735987}
}

@ARTICLE{Altis2007,
  author = {Altis, Alexandros and Nguyen, Phuong H. and Hegger, Rainer and Stock,
        Gerhard},
  title = {Dihedral angle principal component analysis of molecular dynamics
        simulations},
  journal = {J. Chem. Phys.},
  year = {2007},
  volume = {126},
  pages = {244111},
  number = {24}
}

@ARTICLE{Glykos2006,
  author = {Nicholas M Glykos},
  title = {Carma: a molecular dynamics analysis program},
  journal = {J. Comput. Chem.},
  year = {2006},
  volume = {27},
  pages = {1765--1768},
  number = {14}
}

@ARTICLE{Mu2005,
  author = {Mu, Yuguang and Nguyen, Phuong H. and Stock, Gerhard},
  title = {Energy landscape of a small peptide revealed by dihedral angle principal
        component analysis},
  journal = {Proteins},
  year = {2005},
  volume = {58},
  pages = {45--52},
  number = {1}
}

@article{Barducci2008,
  author = {Barducci, Alessandro and Bussi, Giovanni and Parrinello, Michele},
  title = {Well-Tempered Metadynamics: A Smoothly Converging and Tunable Free-Energy Method},
  journal = {Phys. Rev. Lett.},
  year = {2008},
  volume = {100},
  pages = {020603}
}

